<?xml version="1.0" encoding="UTF-8"?><collection xmlns="http://www.loc.gov/MARC21/slim"><record><leader>00555nam--2200181-i-4500</leader><controlfield tag="001">000029986</controlfield><controlfield tag="002">20161230</controlfield><controlfield tag="005">20161230201038</controlfield><controlfield tag="008">060222s1000------------r-----000-0-fre-d</controlfield><datafield ind1=" " ind2=" " tag="040"><subfield code="a">IFIN-HH</subfield></datafield><datafield ind1=" " ind2=" " tag="041"><subfield code="a">fre</subfield></datafield><datafield ind1=" " ind2=" " tag="080"><subfield code="a">539.143.43.078(043)</subfield></datafield><datafield ind1="1" ind2=" " tag="100"><subfield code="a">Kwong, Kan Siew</subfield></datafield><datafield ind1="1" ind2="0" tag="245"><subfield code="a">Spectrometre de resonance magnetique nucleaire a haute resolution et a champ fort.etude et application</subfield><subfield code="b">These</subfield><subfield code="c">Kan siew kwong</subfield></datafield><datafield ind1=" " ind2=" " tag="260"><subfield code="a">Orsay</subfield><subfield code="b">Universite De Paris-sud</subfield><subfield code="c">1974</subfield></datafield><datafield ind1=" " ind2=" " tag="300"><subfield code="a">/329-479P.</subfield></datafield><datafield ind1=" " ind2=" " tag="852"><subfield code="a">42145</subfield><subfield code="c">539.143.43</subfield></datafield><datafield ind1=" " ind2=" " tag="CAT"><subfield code="a">Sys</subfield><subfield code="c">20120509</subfield><subfield code="h">135103</subfield></datafield></record></collection>